<record><leader>00000cas a2200000 a 4500</leader><controlfield tag="001">28919203</controlfield><controlfield tag="008">930930d19301987iluwr ne      0   a0eng c</controlfield><datafield ind1=" " ind2=" " tag="010"><subfield code="a">sn 93057167 </subfield></datafield><datafield ind1=" " ind2=" " tag="040"><subfield code="a">NVF</subfield><subfield code="b">eng</subfield><subfield code="c">NVF</subfield><subfield code="d">CVF</subfield><subfield code="d">NVF</subfield><subfield code="d">OCLCQ</subfield><subfield code="d">OCLCF</subfield><subfield code="d">NVF</subfield><subfield code="d">OCLCO</subfield><subfield code="d">OCL</subfield></datafield><datafield ind1=" " ind2=" " tag="042"><subfield code="a">pcc</subfield></datafield><datafield ind1=" " ind2=" " tag="043"><subfield code="a">n-us-il</subfield></datafield><datafield ind1="0" ind2=" " tag="130"><subfield code="a">Independent-register (Libertyville, Ill.)</subfield></datafield><datafield ind1="1" ind2="4" tag="245"><subfield code="a">The independent-register.</subfield></datafield><datafield ind1="3" ind2=" " tag="246"><subfield code="a">Independent register</subfield></datafield><datafield ind1=" " ind2=" " tag="260"><subfield code="a">Libertyville, Ill. :</subfield><subfield code="b">Frank H. Just,</subfield><subfield code="c">1930-1987.</subfield></datafield><datafield ind1=" " ind2=" " tag="300"><subfield code="a">v.</subfield></datafield><datafield ind1=" " ind2=" " tag="310"><subfield code="a">Weekly</subfield></datafield><datafield ind1="0" ind2=" " tag="362"><subfield code="a">Vol. 38, no. 28 (Apr. 3, 1930)-96 yrs., no. 7 (Dec. 3, 1987).</subfield></datafield><datafield ind1=" " ind2=" " tag="580"><subfield code="a">Formed by the union of: Libertyville independent and: Lake County register.</subfield></datafield><datafield ind1=" " ind2="0" tag="651"><subfield code="a">Libertyville (Ill.)</subfield><subfield code="v">Newspapers.</subfield></datafield><datafield ind1=" " ind2="0" tag="651"><subfield code="a">Lake County (Ill.)</subfield><subfield code="v">Newspapers.</subfield></datafield><datafield ind1=" " ind2="7" tag="651"><subfield code="a">Illinois</subfield><subfield code="z">Lake County</subfield><subfield code="2">fast</subfield><subfield code="0">(OCoLC)fst01207386</subfield></datafield><datafield ind1=" " ind2="7" tag="651"><subfield code="a">Illinois</subfield><subfield code="z">Libertyville.</subfield><subfield code="2">fast</subfield><subfield code="0">(OCoLC)fst01226543</subfield></datafield><datafield ind1=" " ind2="7" tag="655"><subfield code="a">Newspapers.</subfield><subfield code="2">fast</subfield><subfield code="0">(OCoLC)fst01423814</subfield></datafield><datafield ind1=" " ind2=" " tag="752"><subfield code="a">United States</subfield><subfield code="b">Illinois</subfield><subfield code="c">Lake</subfield><subfield code="d">Libertyville.</subfield></datafield><datafield ind1="1" ind2="4" tag="780"><subfield code="t">Libertyville independent</subfield><subfield code="w">(DLC)sn 95054570</subfield><subfield code="w">(OCoLC)31159322</subfield></datafield><datafield ind1="1" ind2="4" tag="780"><subfield code="t">Lake County register</subfield><subfield code="w">(DLC)sn 94060659</subfield><subfield code="w">(OCoLC)31163323</subfield></datafield><datafield ind1="1" ind2=" " tag="029"><subfield code="a">AU@</subfield><subfield code="b">000024043184</subfield></datafield></record>